@inproceedings{avatar,
  title={AVATAR: A SysML environment for the formal verification of safety and security properties},
  author={Pedroza, Gabriel and Apvrille, Ludovic and Knorreck, Daniel},
  booktitle={2011 11th Annual International Conference on New Technologies of Distributed Systems},
  pages={1--10},
  year={2011},
  organization={IEEE}
}

@online{ttool,
  note={\url{https://ttool.telecom-paris.fr/}}
}

@inproceedings{wsec,
  title={{Safety, Security and Performance Assessment of Security Countermeasures with SysML-Sec}},
  author={Sultan, Bastien and Apvrille, Ludovic and Jaillon, Philippe},
  booktitle={MODELSWARD},
  year={2022},
  note={\url{https://perso.telecom-paristech.fr/apvrille/docs/SultanApvrilleJaillon_WSec_modelsward2022.pdf}}
}

@inproceedings{aichernig,
  title={Debugging with timed automata mutations},
  author={Aichernig, Bernhard K and H{\"o}rmaier, Klaus and Lorber, Florian},
  booktitle={International Conference on Computer Safety, Reliability, and Security},
  pages={49--64},
  year={2014},
  organization={Springer}
}

@book{vonneumann,
  title={Theory of self-reproducing automata},
  author={von Neumann, John and Burks, Arthur W and others},
  volume={1102024},
  year={1966},
  publisher={University of Illinois press Urbana}
}

@INPROCEEDINGS{proverif,
  AUTHOR = {Bruno Blanchet},
  TITLE = {An {E}fficient {C}ryptographic {P}rotocol {V}erifier {B}ased on {P}rolog {R}ules},
  BOOKTITLE = {14th IEEE Computer Security Foundations Workshop (CSFW-14)},
  PAGES = {82--96},
  YEAR = 2001,
  ADDRESS = {Cape Breton, Nova Scotia, Canada},
  MONTH = JUN,
  PUBLISHER = {IEEE Computer Society}
}

@techreport{d51,
	title = "Assessment specifications and roadmap",
	author = {Sébastien Dupont and André Maroneze and Philippe Massonnet and Vivek Nigam and Henrik Plate and Arnold Sykosch and Eren Cakmak and Sfetsos Thanasis
and V\'ictor Jim\'enez and Estibaliz Amparan and Cristina Martinez and Angel L\'opez and Joaqu\'in Garc\'ia-Alfaro and Mariana Segovia and Jose Rubio-Hernan and Gregory Blanc
and Herv\'e Debar and Roberto Carbone and Silvio Ranise and Luca Verderame and Marco Spaziani-Brunella and Artsiom Yautsiukhin and Andrea Morgagni and Jacques Klein
and Tegawende Bissyande and Jordan Samhi},
	year = 2020,
	month = February,
	note = {\url{https://sparta.eu/assets/deliverables/SPARTA-D5.1-Assessment-specifications-and-roadmap-PU-M12.pdf}}
}

@article{dolevyao,
  author={Dolev, D. and Yao, A.},
  journal={IEEE Transactions on Information Theory}, 
  title={On the security of public key protocols}, 
  year={1983},
  volume={29},
  number={2},
  pages={198-208},
  doi={10.1109/TIT.1983.1056650}
}
